@book{burden,
  title={Análisis numérico},
  author={R. Burden y J.D.Faires},
  year={1998},
  publisher={International Thomson Editors}
}
@book{proba,
  title={Análisis numérico: Probabilidad y Estadística para Ingeniería y Ciencias},
  author={Jay L. Devore},
  year={2005},
  publisher={Thomson Editores}
}
